<?xml version="1.0"?>
<collection xmlns="http://www.loc.gov/MARC21/slim">
  <record>
    <leader>01536cam a2200421Ia 4500</leader>
    <controlfield tag="001">familylawlgs2010albe</controlfield>
    <controlfield tag="003">CaSfIA</controlfield>
    <controlfield tag="005">20161107152651.0</controlfield>
    <controlfield tag="007">cr||||||||||||</controlfield>
    <controlfield tag="008">081028s1998    abca         s000 0 eng  </controlfield>
    <datafield tag="016" ind1=" " ind2=" ">
      <subfield code="a">20088033791</subfield>
    </datafield>
    <datafield tag="020" ind1=" " ind2=" ">
      <subfield code="a">0774114290</subfield>
    </datafield>
    <datafield tag="020" ind1=" " ind2=" ">
      <subfield code="a">9780774114295</subfield>
    </datafield>
    <datafield tag="020" ind1=" " ind2=" ">
      <subfield code="a">0774114304</subfield>
      <subfield code="q">(booklet)</subfield>
    </datafield>
    <datafield tag="020" ind1=" " ind2=" ">
      <subfield code="a">9780774114301</subfield>
      <subfield code="q">(booklet)</subfield>
    </datafield>
    <datafield tag="020" ind1=" " ind2=" ">
      <subfield code="a">0774114312</subfield>
      <subfield code="q">(manual)</subfield>
    </datafield>
    <datafield tag="020" ind1=" " ind2=" ">
      <subfield code="a">9780774114318</subfield>
      <subfield code="q">(manual)</subfield>
    </datafield>
    <datafield tag="035" ind1=" " ind2=" ">
      <subfield code="a">ocn271431559</subfield>
    </datafield>
    <datafield tag="040" ind1=" " ind2=" ">
      <subfield code="a">NLC</subfield>
      <subfield code="b">eng</subfield>
      <subfield code="c">NLC</subfield>
      <subfield code="d">OCLCO</subfield>
      <subfield code="d">OCLCQ</subfield>
      <subfield code="d">LTSCA</subfield>
      <subfield code="d">AEU</subfield>
      <subfield code="d">CaSfIA</subfield>
    </datafield>
    <datafield tag="055" ind1=" " ind2="8">
      <subfield code="a">KF505.ZA3</subfield>
      <subfield code="b">F36 1998</subfield>
      <subfield code="2">kfmod</subfield>
    </datafield>
    <datafield tag="055" ind1="0" ind2="7">
      <subfield code="a">COP.AL.2.2008-294</subfield>
    </datafield>
    <datafield tag="090" ind1=" " ind2=" ">
      <subfield code="a">KF 505 ZA3 F36 1998</subfield>
      <subfield code="b">AEU</subfield>
    </datafield>
    <datafield tag="245" ind1="0" ind2="0">
      <subfield code="a">Family law :</subfield>
      <subfield code="h">[electronic resource] </subfield>
      <subfield code="b">LGS 2010.</subfield>
    </datafield>
    <datafield tag="246" ind1="1" ind2=" ">
      <subfield code="i">At head of title on cover:</subfield>
      <subfield code="a">Career &amp; Technology Studies</subfield>
    </datafield>
    <datafield tag="260" ind1=" " ind2=" ">
      <subfield code="a">Edmonton :</subfield>
      <subfield code="b">Alberta Education,</subfield>
      <subfield code="c">&#xA9;1998.</subfield>
    </datafield>
    <datafield tag="300" ind1=" " ind2=" ">
      <subfield code="a">139 pages :</subfield>
      <subfield code="b">illustrations ;</subfield>
      <subfield code="c">28 cm +</subfield>
      <subfield code="e">1 booklet, 1 manual.</subfield>
    </datafield>
    <datafield tag="336" ind1=" " ind2=" ">
      <subfield code="a">text</subfield>
      <subfield code="b">txt</subfield>
      <subfield code="2">rdacontent</subfield>
    </datafield>
    <datafield tag="337" ind1=" " ind2=" ">
      <subfield code="a">unmediated</subfield>
      <subfield code="b">n</subfield>
      <subfield code="2">rdamedia</subfield>
    </datafield>
    <datafield tag="338" ind1=" " ind2=" ">
      <subfield code="a">volume</subfield>
      <subfield code="b">nc</subfield>
      <subfield code="2">rdacarrier</subfield>
    </datafield>
    <datafield tag="550" ind1=" " ind2=" ">
      <subfield code="a">Issued by: Learning Technologies Branch.</subfield>
    </datafield>
    <datafield tag="590" ind1=" " ind2=" ">
      <subfield code="a">Approved for use in Alberta schools.</subfield>
      <subfield code="5">CaAEU</subfield>
    </datafield>
    <datafield tag="596" ind1=" " ind2=" ">
      <subfield code="a">38</subfield>
    </datafield>
    <datafield tag="650" ind1=" " ind2="0">
      <subfield code="a">Domestic relations</subfield>
      <subfield code="z">Alberta</subfield>
      <subfield code="v">Programmed instruction.</subfield>
    </datafield>
    <datafield tag="710" ind1="1" ind2=" ">
      <subfield code="a">Alberta.</subfield>
      <subfield code="b">Alberta Education.</subfield>
    </datafield>
    <datafield tag="710" ind1="1" ind2=" ">
      <subfield code="a">Alberta.</subfield>
      <subfield code="b">Learning Technologies Branch.</subfield>
    </datafield>
    <datafield tag="856" ind1="4" ind2="1">
      <subfield code="u">http://archive.org/details/familylawlgs2010albe</subfield>
      <subfield code="z">Free eBook from the Internet Archive</subfield>
      <subfield code="3">Volume bk.</subfield>
    </datafield>
    <datafield tag="856" ind1="4" ind2="2">
      <subfield code="u">http://www.openlibrary.org/books/OL26197600M</subfield>
      <subfield code="z">Additional information and access via Open Library</subfield>
      <subfield code="3">Volume bk.</subfield>
    </datafield>
  </record>
</collection>
